@article{alanazi21,
  title={Facilitating program comprehension with call graph multilevel hierarchical abstractions},
  author={Alanazi, Rakan and Gharibi, Gharib and Lee, Yugyung},
  journal={Journal of Systems and Software},
  volume={176},
  pages={110945},
  year={2021},
  publisher={Elsevier}
}

@article{aurenhammer91,
  title={Voronoi diagrams—a survey of a fundamental geometric data structure},
  author={Aurenhammer, Franz},
  journal={ACM Computing Surveys (CSUR)},
  volume={23},
  number={3},
  pages={345--405},
  year={1991},
  publisher={ACM New York, NY, USA}
}

@inproceedings{balzer05,
	author = {Balzer, Michael and Deussen, Oliver and Lewerentz, Claus},
	title = {Voronoi Treemaps for the Visualization of Software Metrics},
	year = {2005},
	isbn = {1595930736},
	publisher = {Association for Computing Machinery},
	address = {New York, NY, USA},
	url = {https://doi.org/10.1145/1056018.1056041},
	doi = {10.1145/1056018.1056041},
	booktitle = {Proceedings of the Symposium on Software Visualization},
	pages = {165–172},
	numpages = {8},
	keywords = {voronoi diagrams, treemaps, software metrics},
	location = {St. Louis, Missouri},
	series = {SoftVis'05}
}

@inproceedings{bedu19,
  title={A tertiary systematic literature review on software visualization},
  author={Bedu, Laure and Tinh, Olivier and Petrillo, Fabio},
  booktitle={working conference on software visualization},
  series={vissoft},
  pages={33--44},
  year={2019},
  organization={IEEE}
}

@book{bertin11,
  title={Graphics and graphic information processing},
  author={Bertin, Jacques},
  year={2011},
  publisher={Walter de Gruyter}
}

@article{caserta10,
  title={Visualization of the static aspects of software: A survey},
  author={Caserta, Pierre and Zendra, Olivier},
  journal={IEEE transactions on visualization and computer graphics},
  volume={17},
  number={7},
  pages={913--933},
  year={2010},
  publisher={IEEE}
}

@article{chen18,
	title = {Understanding metric-based detectable smells in Python software: A comparative study},
	journal = {Information and Software Technology},
	volume = {94},
	pages = {14-29},
	year = {2018},
	issn = {0950-5849},
	doi = {https://doi.org/10.1016/j.infsof.2017.09.011},
	url = {https://www.sciencedirect.com/science/article/pii/S0950584916301690},
	author = {Zhifei Chen and Lin Chen and Wanwangying Ma and Xiaoyu Zhou and Yuming Zhou and Baowen Xu}
}

@book{diehl07,
  title={Software visualization: visualizing the structure, behaviour, and evolution of software},
  author={Diehl, Stephan},
  year={2007},
  publisher={Springer Science \& Business Media}
}

@article{eick02,
  title={Visualizing software changes},
  author={Eick, Stephen G and Graves, Todd L and Karr, Alan F and Mockus, Audris and Schuster, Paul},
  journal={IEEE Transactions on Software Engineering},
  volume={28},
  number={4},
  pages={396--412},
  year={2002},
  publisher={IEEE}
}

@inproceedings{galperin22,
  title={Visualizing code smells: Tables or code cities? a controlled experiment},
  author={Galperin, Falko and Koschke, Rainer and Steinbeck, Marcel},
  booktitle={2022 Working Conference on Software Visualization (VISSOFT)},
  pages={51--62},
  year={2022},
  organization={IEEE}
}

@article{gravcanin05,
  title={Software visualization},
  author={Gra{\v{c}}anin, Denis and Matkovi{\'c}, Kre{\v{s}}imir and Eltoweissy, Mohamed},
  journal={Innovations in Systems and Software Engineering},
  volume={1},
  number={2},
  pages={221--230},
  year={2005},
  publisher={Springer}
}

@inproceedings{gutwenger03,
  title={{A new approach for visualizing UML class diagrams}},
  author={Gutwenger, Carsten and J{\"u}nger, Michael and Klein, Karsten and Kupke, Joachim and Leipert, Sebastian and Mutzel, Petra},
  booktitle={Proceedings of the 2003 ACM symposium on Software visualization},
  pages={179--188},
  year={2003}
}

@article{heer12,
  title={Interactive dynamics for visual analysis: A taxonomy of tools that support the fluent and flexible use of visualizations},
  author={Heer, Jeffrey and Shneiderman, Ben},
  journal={Queue},
  volume={10},
  number={2},
  pages={30--55},
  year={2012},
  publisher={ACM New York, NY, USA}
}

@inproceedings{kvam04,
  title={Cynical reengineering},
  author={Kvam, Kristoffer and Bakkelund, Daniel and Lie, Rodin},
  booktitle={Extreme Programming and Agile Processes in Software Engineering: 5th International Conference},
  series={XP'04},
  pages={130--138},
  year={2004},
  organization={Springer}
}

@inproceedings{lange95,
  title={Interactive visualization of design patterns can help in framework understanding},
  author={Lange, Danny B and Nakamura, Yuichi},
  booktitle={Proceedings of the conference on Object-oriented programming systems, languages, and applications},
  series={OOPSLA'95},
  pages={342--357},
  year={1995}
}

@inproceedings{merino17,
  title={On the Impact of the Medium in the Effectiveness of 3D Software Visualizations},
  author={Merino, Leonel and Fuchs, Johannes and Blumenschein, Michael and Anslow, Craig and Ghafari, Mohammad and Nierstrasz, Oscar and Behrisch, Michael and Keim, Daniel A},
  booktitle={IEEE Working Conference on Software Visualization},
  series={VISSOFT'17},
  pages={11--21},
  year={2017},
  organization={IEEE}
}

@inproceedings{nocaj12,
  title={Computing Voronoi Treemaps: Faster, Simpler, and Resolution-independent},
  author={Nocaj, Arlind and Brandes, Ulrik},
  booktitle={Computer graphics forum},
  volume={31},
  pages={855--864},
  year={2012},
  organization={Wiley Online Library}
}

@incollection{storey96,
  title={Manipulating and documenting software structures},
  author={Storey, Margaret-Anne D and M{\"u}ller, Hausi A and Wong, Kenny},
  booktitle={Software Visualisation},
  pages={244--263},
  year={1996},
  publisher={World Scientific}
}

@inproceedings{storey97,
  title={On integrating visualization techniques for effective software exploration},
  author={Storey, M-AD and Wong, Kenny and Fracchia, F David and Muller, Hausi A},
  booktitle={Proceedings of VIZ'97: Visualization Conference, Information Visualization Symposium and Parallel Rendering Symposium},
  pages={38--45},
  year={1997},
  organization={IEEE}
}

@article{teyseyre08,
  title={An overview of 3D software visualization},
  author={Teyseyre, Alfredo R and Campo, Marcelo R},
  journal={IEEE transactions on visualization and computer graphics},
  volume={15},
  number={1},
  pages={87--105},
  year={2008},
  publisher={IEEE}
}

@inproceedings{tua21,
  author={Tua, Davide Paolo and Minelli, Roberto and Lanza, Michele},
  booktitle={2021 Working Conference on Software Visualization}, 
  title={Voronoi Evolving Treemaps}, 
  series={VISSOFT'21},
  year={2021},
  volume={},
  number={},
  pages={1-5},
  doi={10.1109/VISSOFT52517.2021.00032}
}

@article{wangberg10,
  title={A literature review on code smells and refactoring},
  author={Wangberg, Ruben},
  year={2010}
}

@inproceedings{wettel08,
  title={Codecity: 3d visualization of large-scale software},
  author={Wettel, Richard and Lanza, Michele},
  booktitle={Companion of the international conference on Software engineering},
  pages={921--922},
  series={ICSE'08},
  year={2008}
}

@article{wills99,
  title={NicheWorks—interactive visualization of very large graphs},
  author={Wills, Graham J},
  journal={Journal of computational and Graphical Statistics},
  volume={8},
  number={2},
  pages={190--212},
  year={1999},
  publisher={Taylor \& Francis}
}
